%% This BibTeX bibliography file was created using BibDesk.
%% http://bibdesk.sourceforge.net/


%% Created for Carlos Rodríguez Domínguez at 2021-05-24 17:50:17 +0200 


%% Saved with string encoding Unicode (UTF-8) 



@book{lamport,
	author = {Leslie Lamport},
	date-added = {2021-05-24 17:49:33 +0200},
	date-modified = {2021-05-24 17:50:17 +0200},
	publisher = {Pearson},
	title = {Latex Document Preparation System Users (2nd edition)},
	year = {1994}}

@book{maths-latex,
	author = {George Gr{\"a}tzer},
	date-added = {2021-05-24 17:48:18 +0200},
	date-modified = {2021-05-24 17:48:46 +0200},
	publisher = {Springer},
	title = {More Math Into LaTeX, 4th Edition},
	year = {1996}}

@book{latexcompanion,
	address = {Reading, Massachusetts},
	author = {Michel Goossens and Frank Mittelbach and Alexander Samarin},
	date-added = {2021-05-24 17:46:05 +0200},
	date-modified = {2021-05-24 17:46:05 +0200},
	publisher = {Addison-Wesley},
	title = {The \LaTeX\ Companion},
	year = {1993}}

@misc{knuthwebsite,
	author = {Donald Knuth},
	date-added = {2021-05-24 17:46:05 +0200},
	date-modified = {2021-05-24 17:46:05 +0200},
	title = {Knuth: Computers and Typesetting},
	url = {http://www-cs-faculty.stanford.edu/\~{}uno/abcde.html},
	Bdsk-Url-1 = {http://www-cs-faculty.stanford.edu/%5C~%7B%7Duno/abcde.html}}

@article{einstein,
	author = {Albert Einstein},
	date-added = {2021-05-24 17:41:56 +0200},
	date-modified = {2021-05-24 17:41:56 +0200},
	doi = {http://dx.doi.org/10.1002/andp.19053221004},
	journal = {Annalen der Physik},
	number = {10},
	pages = {891--921},
	title = {{Zur Elektrodynamik bewegter K{\"o}rper}. ({German}) [{On} the electrodynamics of moving bodies]},
	volume = {322},
	year = {1905},
	Bdsk-Url-1 = {http://dx.doi.org/10.1002/andp.19053221004}}

@webpage{overleaf-url,
	date-added = {2021-05-24 17:40:16 +0200},
	date-modified = {2021-05-24 17:40:52 +0200},
	month = {May},
	url = {https://es.overleaf.com/learn},
	year = {2021}}
